<record xmlns="http://www.loc.gov/MARC21/slim" xmlns:xsi="http://www.w3.org/2001/XMLSchema-instance" xsi:schemaLocation="http://www.loc.gov/MARC21/slim http://www.loc.gov/standards/marcxml/schema/MARC21slim.xsd">

  <leader>00465nam a2200145Ia 4500</leader>
  <controlfield tag="008">150715b1996    U  ||||| |||| 00| | en  d</controlfield>
  <datafield ind1=" " tag="020" ind2=" ">
    <subfield code="a">0803973284</subfield>
  </datafield>
  <datafield ind2=" " tag="090" ind1=" ">
    <subfield code="a">18.03.00 </subfield>
    <subfield code="b">1307</subfield>
  </datafield>
  <datafield ind1="1" tag="100" ind2=" ">
    <subfield code="a">Maxwell, Joseph A.</subfield>
    <subfield code="9">316</subfield>
  </datafield>
  <datafield ind1="1" tag="245" ind2="0">
    <subfield code="a">Qualitative research desing: An interactive approach / </subfield>
    <subfield code="c">Joseph A. Maxwell</subfield>
  </datafield>
  <datafield ind2=" " ind1=" " tag="260">
    <subfield code="a">Estados Unidos de América : </subfield>
    <subfield code="b">SAGE Publications, </subfield>
    <subfield code="c">1996</subfield>
  </datafield>
  <datafield tag="300" ind1=" " ind2=" ">
    <subfield code="a">153 páginas</subfield>
  </datafield>
  <datafield ind2="4" tag="650" ind1="1">
    <subfield code="a">MÉTODOS DE INVESTIGACIÓN </subfield>
    <subfield code="9">288</subfield>
  </datafield>
  <datafield ind2=" " tag="942" ind1=" ">
    <subfield code="2">z</subfield>
    <subfield code="c">01</subfield>
  </datafield>
  <datafield tag="999" ind1=" " ind2=" ">
    <subfield code="c">35</subfield>
    <subfield code="d">35</subfield>
  </datafield>
</record>